@article{Hsieh2014,
  title = {Bulk Entanglement Spectrum Reveals Quantum Criticality within a Topological State},
  author = {Hsieh, Timothy H. and Fu, Liang},
  journal = {Phys. Rev. Lett.},
  volume = {113},
  issue = {10},
  pages = {106801},
  numpages = {5},
  year = {2014},
  month = {Sep},
  publisher = {American Physical Society},
  doi = {10.1103/PhysRevLett.113.106801},
  url = {http://link.aps.org/doi/10.1103/PhysRevLett.113.106801}
}
